2063 3442
853 182 1234 211 ’‘⁸⁸⁸⁸'’-
1724 187 1874 252 52²¹·

234 337 299 384 et
325 322 542 405 digitis
575 318 751 382 callis
778 324 1128 384 maioribus
1163 336 1225 381 et
1255 322 1611 384 minoribus
1645 324 1864 387 minus

232 433 514 512 magisve
548 432 744 489 acutis
775 430 1075 509 asperum.
1167 435 1483 491 Praeterea
1511 455 1542 492 a
1575 434 1741 492 lobis
1761 456 1865 494 au*

231 539 605 596 ricularibus
648 537 856 595 sutura
899 539 1021 597 alta
1054 535 1294 596 finuosa
1329 541 1626 618 utrinque
1655 541 1732 599 ad
1760 562 1864 603 oc-

232 647 405 724 ciput
447 647 764 703 concurrit
807 647 875 703 in
916 646 1150 716 locum,
1196 647 1366 705 unde
1413 663 1625 704 exorta
1656 648 1865 710 sutura

227 753 330 812 vel
359 754 520 830 plica
562 754 778 811 minus
818 756 939 811 alta
983 767 1045 812 et
1072 773 1256 810 curva
1301 754 1376 810 ad
1414 754 1607 812 latera
1646 755 1865 814 decur-

227 880 394 932 renS‚
426 879 563 918 non
596 861 787 941 longe
830 859 994 919 infra
1030 860 1216 918 lobos
1247 859 1627 938 auriculares
1661 879 1862 922 extre-

225 988 368 1027 mos
404 967 732 1028 evanescit.
782 969 972 1028 Color
1000 983 1132 1028 erat
1159 969 1361 1049 magis
1390 968 1640 1048 albidus
1672 992 1861 1050 quam

224 1077 531 1142 cinereus,

348 1292 737 1373 Exemplum
776 1289 986 1352 Musei
1015 1295 1346 1374 Lampiani
1372 1291 1694 1357 coloribus
1730 1290 1855 1352 suis

217 1401 461 1482 pictum
508 1416 569 1459 et
614 1422 760 1460 cum
805 1402 1061 1462 Sebanis
1108 1402 1373 1481 picturis
1404 1414 1851 1480 comparatum,

178 1508 610 1591 *aliquamdiu
638 1509 905 1567 dubium
945 1531 1047 1568 me
1090 1511 1315 1570 tenuit.
1432 1515 1633 1589 Quare
1676 1529 1852 1567 accu-

214 1632 413 1678 ratam
456 1619 590 1676 eius
637 1616 1119 1695 descriptionem
1165 1638 1420 1696 ponam.
1512 1622 1712 1694 Caput
1742 1617 1851 1674 ob·

214 1724 386 1785 [cure
412 1722 689 1796 fuscum,
736 1725 1019 1805 margine
1062 1726 1355 1783 maxillae
1398 1723 1732 1803 superioris
1767 1745 1849 1784 ex:

213 1833 378 1892 flauo
426 1849 488 1891 et
535 1832 745 1890 albido
792 1830 969 1890 mista
986 1856 1003 1898 ,ε
1052 1830 1271 1890 similis
1319 1829 1500 1890 fascia
1532 1853 1564 1889 a
1591 1832 1849 1890 maxilla

211 1944 379 2000 inter
419 1940 641 1998 oculos
686 1960 796 2017 per
843 1939 1096 1996 dorsu-m
1138 1959 1335 2018 usque
1387 1939 1465 1997 acl
1508 1959 1700 1997 anum
1743 1940 1852 2028 de‘.

214 2051 422 2108 currit.
558 2047 724 2106 Lobi
766 2047 1143 2104 auriculares
1191 2047 1263 2104 ab
1310 2046 1510 2104 oculis
1545 2067 1744 2124 usque
1776 2047 1847 2105 in

202 2156 346 2237 eipso
369 2155 613 2236 angulo
648 2169 710 2212 et
738 2152 896 2212 facie
927 2154 1175 2212 interna
1196 2153 1299 2211 seu
1326 2152 1664 2232 posteriore
1699 2173 1847 2229 cum

208 2262 404 2344 ipsius
450 2262 759 2342 parotidis
801 2262 992 2319 latere
1031 2258 1369 2339 posteriore
1398 2277 1460 2320 et
1487 2258 1648 2319 dorsi
1672 2258 1848 2339 parte

207 2373 420 2431 vicina
465 2389 666 2448 usque
699 2371 776 2427 ad
819 2370 1095 2427 taeniam
1137 2369 1349 2426 colore
1381 2367 1682 2426 dilutiore
1721 2369 1847 2426 tin-

207 2494 478 2562 guntur:
527 2479 801 2556 reliquae
836 2475 995 2535 dorsi
1025 2465 1228 2554 partes
1262 2477 1438 2534 iuxta
1458 2477 1733 2535 taeniam
1761 2475 1849 2535 la-

207 2604 337 2647 tam
372 2585 625 2645 obscure
651 2583 872 2657 fuscae,
919 2583 1131 2643 versus
1160 2585 1350 2642 latera
1388 2600 1597 2643 tamen
1628 2580 1848 2641 sensim

209 2696 514 2753 dilutiore
569 2694 780 2751 colore
841 2693 1198 2773 pinguntur
1232 2709 1251 2772 3
1343 2692 1596 2751 dorsum
1640 2690 1846 2770 ipsum

206 2802 416 2861 versus
450 2799 787 2879 posteriora
822 2799 1012 2859 latius
1043 2801 1113 2857 in
1145 2819 1407 2878 corpore
1442 2799 1683 2859 inflato.
1791 2803 1847 2856 A

205 2911 376 2970 lobis
410 2909 861 2967 auricularibus
892 2929 1000 2986 per
1031 2908 1225 2966 latera
1257 2909 1460 2965 taenia
1491 2908 1612 2963 lata
1632 2902 1843 2962 obscu-

207 3039 272 3077 re
304 3015 474 3076 fusca
502 3015 774 3074 decurrit
802 3037 999 3094 usque
1031 3015 1107 3073 ad
1141 3037 1377 3095 genua,
1440 3035 1624 3094 quam
1659 3003 1730 3070 in
1760 3013 1848 3069 la-

209 3125 448 3186 teribus
495 3121 678 3183 series
714 3124 1024 3197 callorum
1051 3125 1366 3182 maiorum
1405 3137 1466 3181 et
1492 3121 1848 3179 acutiorum

1712 3247 1846 3286 cm·
