2063 3442
838 197 1212 222 -ι-ι-..ιι-
1712 194 1840 249 [05

226 341 331 400 sed
357 343 563 400 verbis
597 340 677 398 ob
709 338 1074 398 brevitatem
1122 336 1584 397 obscurioribus
1613 334 1845 397 Aristo-

229 451 384 508 teles
407 450 735 508 tradiderat
752 444 1038 505 historiae
1058 446 1430 504 animalium
1447 461 1480 520 4
1505 469 1556 509 e.
1584 467 1640 523 9,
1659 466 1850 525 quem

228 558 449 616 locum
482 555 724 635 copiose
755 555 889 613 sum
929 556 1370 632 interpretatus
1412 558 1483 613 in
1527 552 1850 631 Phyfiolo-

230 666 368 745 giae
421 663 907 741 Amphibiorum
949 661 1300 740 Specimine
1341 667 1370 719 I
1422 684 1483 740 p,
1527 682 1604 720 ρο
1644 695 1730 706 --
1773 663 1849 722 26

229 770 475 830 Falsum
506 786 710 828 tamen
745 768 842 840 est,
890 769 1058 849 quod
1088 769 1180 827 ibi
1210 792 1270 848 p.
1306 788 1380 840 25
1410 769 1609 848 posui,
1637 791 1853 829 ranam

225 899 493 951 marem,
542 879 694 935 dum
739 879 995 949 clamat,
1041 878 1329 935 maxillas
1367 878 1624 937 :naribus
1668 894 1852 937 tenus

230 1006 424 1066 aquae
468 985 786 1044 immersas
836 1002 895 1044 et
950 987 1108 1043 bene
1169 984 1400 1044 clausas
1449 986 1708 1056 habere,
1767 1006 1850 1046 ne

233 1115 389 1172 aqua
421 1093 670 1174 ingredi
700 1092 928 1166 fauces,
956 1114 1072 1151 nec
1104 1092 1576 1172 respirationem
1607 1114 1718 1172 per
1744 1113 1855 1150 na·

229 1221 328 1259 res
377 1199 605 1260 factam
654 1201 959 1279 impedire
1018 1197 1218 1280 possit,
1335 1207 1564 1262 Contra
1615 1200 1858 1260 exserto

230 1309 432 1387 capite
470 1325 652 1388 atque
698 1322 805 1368 ore'
839 1323 1049 1388 aperto
1093 1329 1317 1368 vocem
1356 1331 1539 1368 ranae
1583 1309 1685 1368 edi
1725 1327 1860 1369 mo-

231 1418 378 1474 nuit
421 1420 742 1492 Hae-clerus
789 1418 859 1475 in
904 1418 1146 1495 Apiano
1191 1441 1252 1496 p.
1290 1440 1364 1479 10
1408 1418 1520 1496 qui
1564 1413 1859 1476 Aristote-

229 1526 360 1582 lem
430 1526 676 1582 taxabat
724 1526 988 1605 .vulgari
1055 1525 1574 1603 interpretatione
1645 1524 1858 1586 falsuS.

233 1634 486 1692 Scilicet
526 1631 706 1690 suum
759 1655 905 1692 rana
950 1646 1065 1698 κοαξ
1103 1632 1306 1691 clauso
1350 1655 1456 1692 ore
1497 1632 1864 1712 inflatisque

236 1740 571 1797 buccarum
603 1737 858 1797 sinubus
904 1741 1156 1798 videtur
1184 1739 1351 1819 posse
1383 1740 1678 1820 proferre,
1707 1762 1864 1800 con-

234 1862 325 1904 tra
365 1859 626 1922 effen-exeas}
664 1846 842 1905 suum
886 1848 996 1906 vix
1045 1849 1226 1907 aliter
1258 1849 1436 1908 edere
1470 1846 1703 1927 potest,
1742 1832 1880 1909 nis»

234 1970 448 2034 aperto
491 1976 596 2012 ore
632 1970 693 2012 et
732 1956 950 2035 lingua
992 1958 1201 2036 palato
1253 1958 1592 2036 applicata,
1640 1971 1712 2014 ut
1753 1956 1867 2034 qui

234 2061 459 2120 sonum
491 2083 634 2119 eum
679 2064 956 2121 voluerit
997 2064 1264 2136 imitari,
1312 2068 1681 2143 experietur.
1753 2070 1869 2124 Ve-

237 2168 386 2228 ficas
437 2171 770 2228 buccarum
816 2192 998 2229 ranae
1045 2173 1232 2230 etiam
1274 2175 1562 2232 arboreae
1600 2173 1869 2253 peregri-

237 2299 353 2336 nae
395 2280 634 2356 aliquot
677 2295 932 2359 gerunt,
990 2280 1058 2336 in
1104 2279 1335 2357 quibus
1373 2301 1606 2338 nexum
1656 2301 1868 2340 earum

243 2407 387 2444 cum
443 2387 660 2466 lingua
717 2402 776 2445 et
828 2388 1085 2467 larynge
1141 2387 1432 2445 nondum
1473 2385 1708 2446 exstitit
1757 2388 1871 2467 qui

241 2509 371 2551 tam
400 2510 673 2552 accurate
703 2496 1067 2573 explicaret,
1113 2516 1300 2574 quarn
1336 2496 1406 2553 in
1437 2495 1748 2555 esculenta
1777 2517 1872 2556 ra-

242 2623 324 2659 na
354 2622 519 2660 mare
562 2601 711 2660 fecit
751 2608 1106 2683 Camperus.
1197 2604 1372 2662 Aliae
1409 2625 1700 2662 ranarum
1739 2603 1870 2683 spe-

248 2710 373 2767 cies
425 2711 703 2789 gularem
745 2709 1036 2782 vesicam,
1090 2711 1241 2769 dum
1284 2712 1589 2784 clamant,
1628 2711 1872 2783 inflant,

247 2818 344 2875 uti
372 2818 646 2894 vulgaris
676 2817 876 2877 nostra
909 2820 1178 2877 arborea.
1269 2826 1505 2880 Vocem
1532 2818 1726 2898 ipsam
1757 2818 1875 2877 fin-

250 2920 537 3006 gulara'lm
581 2925 918 3003 specierum
956 2948 1090 2984 non
1124 2926 1330 2996 solum
1368 2929 1536 2987 varia
1576 2928 1875 2988 sonorum

252 3034 520 3112 gravitas
563 3049 624 3091 et
668 3036 999 3092 intervalla
1040 3032 1464 3116 distinguunt,
1534 3035 1635 3094 sed
1667 3051 1877 3095 creant

256 3141 444 3199 etiam
478 3141 582 3201 vel
616 3142 913 3218 adjuvant
953 3144 1057 3204 vel
1086 3143 1355 3226 denique
1380 3144 1623 3206 variant
1648 3143 1875 3205 vesicae

1719 3257 1869 3319 buc·-
