2063 3442
819 183 1188 210 ““““““““““““““”“
1735 178 1811 244 97

193 326 312 384 nea
358 323 612 400 majora,
653 338 792 382 cute
833 325 1063 395 relicta,
1095 342 1322 401 corpus
1353 324 1610 396 intrant,
1643 325 1815 404 equi-

197 432 338 490 dem
383 453 706 510 nunquam
735 432 1054 491 observare
1095 434 1277 509 potui
1302 433 1677 511 lymphatica
1716 453 1817 490 va·

193 539 255 598 sa
284 541 392 598 illa
425 528 807 598 comitantia.
902 541 1076 597 Cutis
1103 560 1249 597 vero
1283 538 1525 596 assumit
1556 541 1818 619 speciem

195 647 503 705 diversam
540 649 607 704 in
639 647 858 704 eodem
892 648 1158 705 animale
1190 647 1579 725 temporibus
1615 648 1817 704 diver-

193 751 293 811 fis.
425 758 630 812 Ranae
694 756 961 831 quidem
1008 754 1294 812 arboreae
1354 773 1818 831 nonnunquam

191 859 388 919 laevis
432 857 514 918 est
562 864 721 919 cutis
767 876 827 919 et
867 860 1219 940 splendida,
1282 860 1542 940 speciem
1582 862 1817 918 habens

193 965 623 1046 elegantissimi
682 971 925 1048 generis
985 969 1227 1027 viridis.
1264 988 1711 1047 pergamenae:
1774 965 1820 1027 fi

189 1076 473 1155 tetigeris
515 1077 748 1155 digito,
794 1076 848 1134 is
878 1098 956 1135 ne
986 1077 1251 1134 minima
1301 1076 1556 1154 quidem
1591 1076 1817 1130 humo-

187 1184 273 1240 ris
319 1181 573 1263 vestigia
624 1184 918 1262 percipit:
973 1183 1097 1241 alio
1147 1197 1428 1261 tempore
1482 1182 1694 1240 eadem
1736 1179 1822 1240 est

188 1290 394 1346 multo
431 1289 731 1369 asperior,
777 1307 837 1349 et
880 1291 1154 1372 digitum
1190 1289 1235 1350 fi
1279 1289 1663 1374 admoveris,
1707 1309 1821 1347 no-

188 1411 319 1455 tam
349 1399 407 1456 ei
435 1399 765 1477 imprimit,
859 1400 1115 1457 Variam:
1163 1400 1351 1457 etiam
1397 1398 1674 1455 multum
1719 1417 1821 1453 co-

169 1505 339 1564 rlore.
458 1511 802 1586 Hucusque
857 1508 957 1565 vir
1013 1507 1261 1568 doctus.
1374 1505 1821 1583 Persequamur

167 1632 364 1671 ⁴>nunc:
421 1615 581 1672 cutis
632 1616 807 1673 laxae
849 1631 1171 1687 naturam,
1230 1633 1421 1693 quam
1463 1613 1532 1668 in
1574 1627 1820 1688 tempo-

188 1720 345 1782 raria
378 1720 594 1798 capiti,
641 1721 818 1781 dorso
863 1737 925 1781 et
965 1724 1172 1781 ventri
1214 1721 1522 1778 adnexam
1578 1716 1824 1776 muscu-

175 1825 336 1885 -lofis
378 1826 552 1886 fibris
584 1830 940 1910 perlongis‚
983 1851 1014 1888 a
1043 1829 1217 1907 spina
1258 1826 1418 1886 dorfi
1460 1827 1616 1886 ortis
1653 1825 1821 1893 vidi;

187 1935 259 1992 in
288 1934 588 1992 lateribus
638 1937 935 2014 utrinque
983 1935 1252 1995 strictius
1297 1934 1674 2009 adhaerebat
1702 1952 1822 2009 ope

188 2043 347 2100 telae
376 2042 702 2100 cellulosae
736 2044 926 2102 laxae.
1019 2049 1217 2121 Prope
1248 2059 1415 2102 artus
1447 2039 1830 2123 posteriores

188 2148 544 2209 musculum
584 2149 838 2209 craffum
881 2150 1048 2223 vicli,
1089 2154 1198 2230 qui
1243 2167 1431 2209 natus
1473 2172 1550 2208 ex
1589 2164 1727 2206 cute
1760 2162 1822 2205 et

190 2255 266 2314 ad
295 2258 577 2315 laterales
614 2260 855 2317 ventris
886 2258 1202 2317 musculos
1239 2258 1638 2327 descenden3‚
1665 2255 1820 2314 inde

190 2365 268 2422 ad.
320 2384 486 2423 artus
530 2364 899 2445 posteriores
946 2364 1358 2446 pertingebat,
1478 2369 1699 2422 Cutem
1750 2362 1823 2419 in

189 2473 474 2531 cruribus
513 2475 880 2552 plerumque
920 2475 1181 2532 liberam
1220 2489 1281 2532 et
1319 2472 1533 2550 paucis
1577 2472 1823 2552 aliquot

188 2581 259 2638 in
286 2581 444 2637 locis
480 2582 785 2641 adnexam
824 2582 978 2640 vidi.
1070 2588 1146 2640 In
1174 2579 1413 2638 bufone
1443 2579 1636 2638 viridi
1676 2598 1824 2634 con-

187 2703 281 2745 tra
327 2689 486 2747 cutis
531 2688 690 2747 dorsi
740 2690 955 2748 minus
998 2690 1134 2746 laxa
1185 2689 1529 2746 multarum
1580 2701 1640 2743 et
1686 2667 1824 2742 bre-

186 2797 438 2855 viorum
480 2795 774 2855 fibrarum
809 2819 926 2875 ope
957 2795 1338 2855 musculosae
1387 2793 1557 2853 carni
1601 2791 1822 2849 adhae-

186 2919 316 2962 ret:
382 2905 450 2960 in
496 2920 712 2963 ventre
771 2920 1013 2978 tamen,
1068 2905 1180 2962 sub
1235 2901 1400 2961 collo
1460 2901 1630 2958 etin
1677 2898 1822 2978 gula

187 3012 318 3071 fere
372 3013 643 3090 eosdem,
692 3033 852 3094 quos
894 3016 966 3074 in
1007 3014 1178 3073 ranis
1221 3012 1382 3071 cutis
1420 3011 1578 3082 laxa,
1618 3005 1821 3064 saccos

185 3117 437 3180 format.

1149 3232 1205 3290 G
1639 3221 1819 3280 Cutis
