2063 3442
223 292 578 351 membrana
631 290 830 348 aucti:
903 287 1095 369 antici
1149 285 1337 364 pedes
1384 279 1831 342 teretesvalde

224 400 298 457 ab
340 401 557 469 initio,
618 398 833 477 digitis
881 394 1228 475 quaternis,
1292 410 1558 472 quorum
1613 390 1832 448 tertius

226 503 637 585 longiffimus,
683 501 994 561 instructi:
1040 501 1225 579 pedes
1252 497 1468 580 postici
1497 496 1831 557 crassiores:

230 614 571 692 digitorum
611 632 851 691 ungues
881 609 1060 680 recti,
1107 609 1339 678 breves,
1385 605 1834 663 manifestiores

232 741 416 797 quam
458 720 859 784 anteriorum,
949 718 1147 778 Pinna
1190 713 1350 774 dorli
1383 730 1441 774 et
1481 717 1704 773 caudae
1742 714 1838 769 in·

233 825 350 885 cisa
391 825 494 884 seu
525 826 766 885 serrata.

363 1042 659 1118 Ejusdem
700 1041 920 1120 speciei
953 1041 1237 1118 exempla
1269 1039 1368 1097 sex
1406 1039 1603 1119 reperi
1635 1036 1844 1094 consii-

236 1167 299 1208 ta
342 1152 407 1207 in
439 1150 659 1208 R'Iuseo
689 1148 1117 1208 Univerfitatis
1159 1150 1506 1206 litterarum
1540 1145 1810 1204 lenensis
1830 1168 1848 1213 3

242 1279 510 1336 quorum
541 1279 740 1314 unum
778 1273 1020 1314 tantum
1050 1277 1239 1313 anum
1272 1257 1549 1312 ciiiatum
1584 1255 1847 1333 gerebat.

243 1367 469 1424 Omnia
508 1387 654 1423 vero
688 1365 885 1444 digito
924 1364 1163 1421 extimo
1207 1364 1437 1440 pedum
1470 1365 1853 1419 anteriorum

244 1488 304 1530 et
350 1470 755 1551 posteriorum
802 1471 1133 1546 subjectam
1175 1471 1468 1550 gerebant
1518 1488 1854 1540 verrucam,

244 1581 314 1638 in
344 1581 758 1638 anterioribus
792 1579 1054 1658 pedibus
1089 1578 1226 1636 satis
1269 1593 1537 1649 acutam,
1587 1593 1645 1635 et
1676 1578 1857 1656 quin-

247 1689 300 1744 ti
327 1687 512 1766 digiti
539 1687 964 1744 rudimentum
994 1685 1394 1745 referentem:
1430 1687 1643 1764 quales
1671 1685 1734 1741 in
1767 1707 1857 1742 ra-

248 1815 472 1853 narum
490 1809 550 1852 et
566 1792 880 1852 bufonum
907 1795 1170 1871 pedibus
1203 1791 1392 1852 adesse
1424 1792 1640 1851 solent.
1689 1800 1863 1851 Hane

249 1900 517 1980 speciem
559 1902 627 1958 in
672 1899 988 1978 posterum
1029 1902 1242 1959 licebit
1294 1899 1454 1959 forte
1509 1905 1864 1979 remipedem

250 2031 491 2069 vocare.
583 2009 954 2080 Commode,
1002 2009 1150 2065 haec
1177 2007 1303 2085 ipsa
1336 2008 1485 2065 dum
1532 2007 1758 2077 scribo,
1800 2010 1867 2067 in

256 2119 625 2175 memoriam
665 2117 827 2174 redit
858 2117 1098 2175 mentio
1142 2116 1420 2192 ejusdem
1465 2114 1727 2172 fabricae
1769 2137 1869 2192 pe-

262 2225 414 2283 dum
431 2224 840 2303 posteriorum
870 2225 1129 2281 lacertae
1159 2220 1443 2301 palustris
1472 2222 1631 2281 facta
1662 2244 1691 2279 a
1720 2224 1871 2281 ‚Lin-

261 2354 417 2393 naeo
462 2333 533 2390 in
574 2338 781 2392 Fauna
836 2331 1117 2399 Suecica3
1178 2328 1280 2387 sed
1325 2329 1380 2386 is
1421 2331 1696 2390 maribus
1742 2352 1876 2388 eam

263 2443 577 2520 propriam
607 2438 788 2499 facit:
851 2439 925 2496 de
962 2460 1085 2518 quo
1131 2438 1435 2512 judicium
1470 2436 1542 2495 fit
1571 2415 1761 2518 penes
1807 2441 1882 2496 il„

264 2549 366 2607 los
397 2563 651 2606 naturae
681 2545 989 2618 curiosos,
1036 2546 1145 2625 qui
1188 2547 1420 2603 animal
1461 2544 1662 2624 ipsum
1708 2568 1879 2604 accu-

268 2658 462 2715 ratius
505 2657 821 2734 inquirere
853 2652 1118 2732 poffunt.
1209 2655 1510 2732 Exempla
1556 2654 1809 2734 quidem
1854 2676 1885 2710 a

271 2786 372 2823 me
402 2763 528 2821 ‘visa
560 2763 791 2842 septem
822 2760 997 2820 sexus
1032 2775 1206 2822 erant
1235 2760 1579 2832 masculini,
1607 2760 1651 2820 fi
1679 2760 1887 2820 cristae

275 2872 379 2932 seu
436 2871 663 2948 pinnae
711 2868 968 2928 dorsalis
1025 2869 1418 2948 caudalisque
1457 2870 1697 2930 indicio
1741 2870 1888 2926 licet

278 2978 606 3037 confidere.
697 2984 900 3056 Atque
926 2977 1011 3035 ita
1055 2976 1305 3034 tandem
1337 2991 1501 3034 certo
1544 2977 1754 3055 aliquo
1804 3000 1891 3035 ar-

279 3101 584 3169 gumento
648 3085 940 3149 lacertam
992 3085 1264 3145 Linnaei
1311 3080 1638 3165 palustrem
1692 3083 1894 3141 veluti

1752 3212 1894 3250 con-
