2063 3442
152 301 373 381 lingua
429 293 927 356 intumescebant
952 309 1035 360 et
1074 291 1336 354 vesicam
1378 294 1676 371 uti-Inque
1719 313 1788 350 u·-

153 428 302 464 nam
333 403 692 463 formabant
732 404 1104 479 tertiamque
1136 399 1271 477 post
1314 401 1595 481 linguam
1620 447 1634 473 ,
1695 399 1806 468 di-,

156 515 355 574 midia
392 511 496 570 fua
537 510 943 591 longitudine
984 510 1291 569 anteriore
1332 525 1686 575 connatam,

289 736 452 787 Ante
479 726 907 786 Eoddaertum
937 726 1180 806 egregie
1213 746 1429 784 ranam
1459 725 1619 783 hanc
1649 745 1795 783 cum

169 835 413 915 a'liquot
480 833 889 893 variewabus
963 834 1214 891 notavit
1276 829 1570 890 Museum
1644 837 1794 892 Lev.

167 943 486 1003 Vincentii
515 963 621 999 no.
660 959 716 1011 8,
757 962 845 1000 10.
890 961 957 1002 11
995 954 1056 998 et
1087 956 1378 1016 29‚·recte
1430 940 1620 996 etiam
1655 945 1803 998 Mu-

171 1049 340 1108 seum
370 1050 914 1127 Petropolitanum
946 1053 973 1106 Ι
1002 1069 1060 1124 Ρ,
1094 1062 1211 1122 427
1250 1069 1354 1105 no,
1386 1061 1462 1123 47
1501 1062 1563 1106 et
1588 1068 1651 1125 p.
1682 1063 1807 1120 42ss

170 1178 275 1223 no,
304 1176 403 1234 55.
495 1158 624 1235 Ipse
665 1158 818 1214 adeo
848 1155 1170 1213 Linnaeus
1201 1156 1269 1212 in
1299 1154 1811 1214 Amoenitatibus

173 1270 202 1323 Ι
231 1287 289 1344 p,
332 1282 445 1336 1335
494 1286 602 1323 no.
638 1285 713 1322 20
747 1265 908 1322 hanc
942 1262 1204 1322 eandem
1238 1283 1453 1322 ranam
1494 1276 1657 1321 recte
1713 1262 1814 1320 de·

175 1370 428 1450 scripsit,
475 1373 850 1450 comparatis
895 1371 1083 1430 etiam
1115 1371 1278 1429 locis
1313 1370 1563 1429 duobus
1607 1367 1819 1429 Musei

175 1480 640 1558 Petropolitani
681 1492 865 1537 antea
902 1477 1233 1547 indicatis;
1291 1476 1394 1536 sed
1439 1478 1611 1552 male!
1648 1457 1827 1534 adhiss

164 1588 322 1664 'buit
349 1586 628 1664 picturas
661 1586 930 1667 Sebanas
960 1590 991 1643 Ι
1017 1585 1141 1655 tab,
1178 1600 1256 1660 75
1288 1584 1392 1666 fig.
1431 1605 1486 1659 5,
1520 1599 1582 1654 et
1609 1589 1668 1649 11
1694 1584 1822 1644 tab.

187 1699 264 1766 63
294 1694 400 1775 fig.
426 1713 482 1767 3,
513 1715 546 1752 a
577 1692 778 1771 specie
807 1695 921 1753 hac
951 1691 1137 1771 plane
1171 1693 1423 1752 alienas,

321 1914 397 1968 In
431 1907 656 1977 Museo
689 1907 854 1966 frid.
887 1906 1168 1986 Adolphi
1213 1913 1243 1966 I
1272 1931 1331 1988 p.
1367 1923 1448 1986 47
1482 1908 1592 1966 sub
1624 1911 1834 1968 norni-

190 2038 270 2075 ne
307 2017 597 2075 arboreae
626 2016 853 2093 prioris
885 2015 1321 2093 descriptionis
1352 2015 1491 2074 suae
1518 2018 1836 2089 meminit,

192 2125 529 2202 laudatque
561 2124 829 2183 Sebanas
862 2123 1135 2200 picturas
1170 2128 1198 2180 I
1243 2121 1363 2181 tab.
1402 2142 1477 2200 73
1521 2123 1568 2186 f.
1603 2144 1655 2196 3.
1690 2140 1752 2182 et
1779 2130 1839 2182 Π

196 2233 320 2291 tab.
356 2249 435 2305 73
482 2228 527 2288 f.
564 2247 621 2302 5,
712 2229 863 2288 Edit
907 2231 1174 2308 patriam
1213 2233 1598 2303 Americam,
1657 2247 1721 2290 et
1766 2254 1842 2292 ex

200 2340 501 2398 Catesbeo
536 2352 821 2410 annotat,
866 2358 1084 2395 ranam
1121 2357 1256 2395 eam
1289 2337 1398 2395 sub
1442 2337 1620 2397 foliis
1669 2341 1845 2398 arbo-

199 2469 342 2505 rum
404 2444 729 2506 conditam
778 2448 990 2510 latere,
1103 2445 1365 2505 Videtur
1421 2447 1633 2526 itaque
1690 2450 1847 2506 Lin-

203 2574 399 2613 naeus
446 2568 583 2612 tum
637 2551 899 2612 voluiffe
953 2552 1156 2610 adhuc
1219 2574 1436 2612 ranam
1493 2555 1656 2613 hanc
1704 2577 1850 2615 cum

206 2664 580 2722 Americana
614 2661 899 2720 Catesbei
929 2661 1348 2740 conjungere3
1397 2642 1616 2720 veroin
1645 2662 1851 2743 postea

207 2768 336 2850 ipse
375 2772 445 2827 in
477 2767 746 2845 Systema
788 2789 931 2825 cum
959 2769 1210 2826 arborea
1241 2773 1560 2846 Europaea
1591 2773 1853 2829 coniun-

212 2879 345 2949 xit,
393 2890 456 2934 et
494 2878 683 2935 variis
718 2876 774 2934 se
811 2878 1236 2954 lectoremque
1282 2878 1596 2936 erroribus
1640 2879 1855 2957 impli-

215 2985 378 3055 cuit,
442 2982 594 3040 dum
640 2984 817 3044 verbi
861 2983 1032 3042 causa
1090 2985 1402 3042 Gronovii
1457 2986 1754 3044 Museum
1798 2991 1860 3044 Π

214 3111 273 3170 p,
322 3105 404 3164 34
447 3110 556 3149 no.
591 3099 668 3161 63
719 3092 1145 3171 comparabat,
1209 3094 1322 3171 qui
1375 3093 1553 3150 Iocus
1602 3090 1781 3172 supra
1826 3116 1858 3152 a

1741 3221 1857 3259 non
