2063 3442
838 219 1214 247 ··········¹········‘
1528 262 1533 273 ,
1718 220 1830 263 ιοῙ

208 384 350 424 cum
385 360 725 438 comparari
768 357 964 437 potest
1007 379 1146 417 mos
1196 356 1495 416 Afrorum
1537 358 1606 415 in
1653 361 1834 415 Ame-

205 471 398 530 ticam
446 467 926 526 meridionalem
979 467 1460 536 translatorum,
1523 484 1681 542 quos
1727 485 1833 540 per

204 577 356 638 solis
401 575 686 633 ardorem
741 588 802 631 et
847 593 1059 631 arenas
1106 572 1419 647 ferventes
1465 571 1836 650 Senegalen-

205 683 298 744 ses
331 682 723 741 ambulantes
756 680 1036 756 frontem
1069 678 1363 756 impolito
1409 676 1647 735 bufone
1680 677 1832 734 vivo

202 790 599 870 refrigerare,
662 789 886 845 eodem
935 786 1212 846 remedio
1255 785 1702 844 hemicraniam
1752 782 1836 840 sa-

201 919 350 958 nme
391 893 582 953 refert
624 896 841 953 Gallus
887 890 1185 975 Adanson
1231 892 1545 952 Itinerarii
1586 913 1645 968 p.
1688 894 1828 961 163,

201 1005 383 1066 Muci
433 1006 610 1080 copia
652 1003 721 1059 in
768 999 940 1060 causa
982 998 1095 1058 effe
1139 989 1422 1070 videtur,
1478 1018 1586 1055 cur
1629 1017 1829 1075 genus

199 1113 322 1170 hoc
361 1109 764 1180 animalium,
825 1109 1038 1186 prouti
1080 1106 1528 1175 salamandrae,
1586 1102 1829 1180 saepius

201 1217 456 1277 exuvias
503 1231 726 1292 ponat,
793 1213 1113 1272 mucosam
1158 1212 1328 1293 quafi
1379 1209 1832 1290 epidermidem

201 1340 472 1402 exuen33
520 1343 710 1400 quam
744 1322 1010 1400 pedibus
1054 1321 1390 1379 detractam
1422 1320 1516 1376 ori.
1545 1319 1830 1396 ingerere

197 1432 504 1491 bufonem
539 1430 729 1486 tradit
775 1430 988 1487 Gallus
1035 1432 1348 1511 Grignon,
1395 1426 1569 1500 cujus
1619 1444 1826 1481 narra—

195 1542 436 1598 tionem
468 1551 816 1614 excerptam
858 1535 1037 1613 posui
1076 1537 1147 1592 in
1181 1533 1535 1613 Specimine
1579 1527 1828 1605 Phyfio-

195 1647 403 1727 legiae
437 1623 924 1720 Amphissiorum
957 1649 1008 1705 Ι.
1039 1666 1097 1722 p.
1143 1661 1235 1713 15.

325 1749 627 1825 Ejusdem
688 1751 888 1820 muci,
946 1748 1303 1827 praesertim
1349 1749 1416 1805 in
1474 1743 1827 1803 bufonibus

197 1855 435 1938 copiosi
479 1871 540 1913 et
589 1857 751 1915 male
799 1857 1066 1927 olentiS‚
1130 1855 1311 1914 usum
1359 1855 1555 1911 alium
1599 1851 1676 1909 ad
1721 1850 1825 1906 de-

194 1963 588 2027 fendendum
632 1963 756 2021 hoe
800 1983 998 2042 genus
1039 1963 1412 2021 animalium
1459 1960 1532 2018 ab
1580 1961 1827 2034 impetu

194 2070 505 2140 hostium,
553 2069 855 2129 aliumad
888 2069 1315 2149 copulandum
1349 2069 1550 2127 coitus
1585 2080 1828 2142 tempo-

195 2204 262 2241 re
307 2179 519 2239 sexum
575 2191 912 2253 utrumque
968 2177 1280 2256 pertinere
1349 2174 1685 2254 suspicatus
1742 2165 1826 2227 est

198 2289 324 2348 Cel.
361 2271 868 2347 Blumenbachiu&
896 2283 961 2340 in
994 2284 1346 2360 Specimine
1391 2277 1826 2357 Phyliologiae

201 2407 588 2473 comparatae
619 2391 826 2469 primo
869 2413 927 2470 p.
957 2395 1158 2451 XXIV
1188 2404 1250 2449 et
1281 2393 1469 2453 XXV.

331 2501 545 2560 Gallus
610 2501 834 2578 Cepede
888 2520 1069 2557 ranae
1132 2497 1479 2557 esculentae
1570 2490 1826 2550 dorsum

196 2610 525 2671 tuberibus
573 2604 854 2683 asperum
910 2607 1195 2665 tribuens
1254 2610 1352 2683 (p.
1385 2620 1504 2673 505
1525 2599 1569 2682 )‚
1617 2614 1826 2657 cutem

199 2716 480 2797 corporis
535 2712 771 2770 nudam
817 2727 880 2772 et
932 2715 1196 2772 mollem
1252 2714 1521 2770 humore
1560 2703 1826 2775 viscos0‚

199 2828 373 2908 poris
395 2821 748 2890 exsudante,
779 2818 1015 2900 semper
1041 2821 1350 2878 imbutam
1381 2817 1676 2875 lubricati
1691 2831 1826 2868 nar-

199 2950 330 3002 rat3
375 2937 395 3005 (
412 2952 472 3008 p.
505 2929 654 3004 508)
679 2942 865 3007 atque
893 2929 1044 2987 hinc
1072 2943 1310 2986 tactum
1338 2947 1520 2984 ranae
1548 2923 1828 2998 aliquan-

200 3043 410 3100 tulum
441 3053 691 3095 acutum
719 3036 961 3115 repetit,
1006 3033 1543 3114 quemadmodum
1573 3029 1645 3086 ab
1679 3047 1829 3085 ocu·-

188 3149 286 3209 -lis
341 3145 589 3228 magnis
647 3159 709 3203 et
749 3143 1108 3205 extantibus
1152 3140 1358 3203 visum
1397 3158 1633 3210 acrem,
1694 3149 1756 3193 et
1798 3153 1829 3189 a

1670 3258 1831 3318 tym-
